@article{comaniciu2003kernel,
  title={Kernel-based object tracking},
  author={Comaniciu, Dorin and Ramesh, Visvanathan and Meer, Peter},
  journal={IEEE Transactions on pattern analysis and machine intelligence},
  year={2003},
}

@article{porikli2006covariance,
  title={Covariance tracking using model update based on lie algebra},
  author={Porikli, Fatih and Tuzel, Oncel and Meer, Peter},
  journal={CVPR},
  year={2006},
}

@misc{surveillance,
    title = "Privacy Fears Grow as Cities Increase Surveillance",
    key = {Privacy Fears Grow as Cities Increase Surveillance},
    howpublished = "\url{http://www.nytimes.com}"
}

@misc{cabs,
    title = "New Cameras Enhance CABS Security",
    key = {New Cameras Enhance CABS Security},
    howpublished = "\url{https://ttm.osu.edu/cabscameras}"
}

@article{fischler1981random,
  title={Random sample consensus: a paradigm for model fitting with applications to image analysis and automated cartography},
  author={Fischler, Martin A and Bolles, Robert C},
  journal={Communications of the ACM},
  year={1981},
}


